@book{redes-tanenbaum,
	Address = {Amsterdam, Holanda},
	Author = {Andrew Stuart Tanenbaum},
	Organization = {Vrije Universiteit},
	Publisher = {Editora Pearson},
	Title = {Redes de computadores - Quinta edição},
	Year = {2011}}

@book{varredura-ibirama,
	Address = {Ibirama, SC},
	Author = {William Oliveira{,} Gedielson Souza{,} Alexandre Battisi},
    Url = {http://200.19.105.203/index.php/reavi/article/view/4152/2918},
	Organization = {https://ssl4799.websiteseguro.com/swge5/seg/cd2009/PDF/IC2009-0404.pdf},
	Title = {VARREDURA E ANÁLISE DAS REDES WI-FI EM IBIRAMA-SC UTILIZANDO O MÉTODO DO WARDRIVING},
	Urlaccessdate = {3 dez 2017},
	Year = {2013}}

@book{analise-vulnerabilidade,
	Address = {Belém, PA},
	Author = {Lidiane Parente Andrade{,} Daniel Nelo Soares{,} Margalho Coutinho{,} Antônio Jorge Gomes Abelém},
    Url = {https://www.researchgate.net/profile/Mauro_Coutinho/publication/228757441_ANALISE_DAS_VULNERABILIDADES_DE_SEGURANCA_EXISTENTES_NAS_REDES_LOCAIS_SEM_FIO_UM_ESTUDO_DE_CASO_DO_PROJETO_WLACA/links/0deec52e1065ef3222000000/ANALISE-DAS-VULNERABILIDADES-DE-SEGURANCA-EXISTENTES-NAS-REDES-LOCAIS-SEM-FIO-UM-ESTUDO-DE-CASO-DO-PROJETO-WLACA.pdf},
	Title = {ANÁLISE DAS VULNERABILIDADES DE SEGURANÇA EXISTENTES NAS REDES LOCAIS SEM FIO:  UM ESTUDO DE CASO DO PROJETO WLACA.},
	Urlaccessdate = {3 dez 2017},
	Year = {2008}}

@book{wardriving-penetration-testing,
	Address = {Washington, DC},
	Author = {Chris Hurley{,} Russ Rogers{,} Frank Thornton},
	Title = {Wardriving & Wireless Penetration Testing},
	Year = {2006}}

@book{difference-wep-wpa-wpa2,
	Author = {Jason Fitzpatrick},
	Title = {The Difference Between WEP, WPA, and WPA2 Wi-Fi Passwords},
	Url = {https://www.howtogeek.com/167783/htg-explains-the-difference-between-wep-wpa-and-wpa2-wireless-encryption-and-why-it-matters/},
	Urlaccessdate = {4 dez 2017},
	Year = {2016}}